@software{lucas_barbosa_defanti_2024_12190675,
  author       = {Lucas Barbosa Defanti and
                  BrenoJuan and
                  Leao10 and
                  Lucas Matos and
                  Mieko and
                  jackiiiiiiiiii and
                  Matheus Henrique},
  title        = {Lucas-BD/PI: v1.0.0 PI Monitoramento SIM-DO},
  month        = jun,
  year         = 2024,
  publisher    = {Zenodo},
  version      = {fatec\_entrega},
  doi          = {10.5281/zenodo.12190675},
  url          = {https://doi.org/10.5281/zenodo.12190675}
}